<record xmlns="http://www.loc.gov/MARC21/slim" xmlns:xsi="http://www.w3.org/2001/XMLSchema-instance" xsi:schemaLocation="http://www.loc.gov/MARC21/slim http://www.loc.gov/standards/marcxml/schema/MARC21slim.xsd"><leader>     nam a22        4500</leader><controlfield tag="001">3082679</controlfield><controlfield tag="003">NNC</controlfield><controlfield tag="006">m        d        </controlfield><controlfield tag="007">cr cn |||m|||a</controlfield><controlfield tag="008">150601s1908    ua      o     000 0 ara d</controlfield><datafield ind1=" " ind2=" " tag="040"><subfield code="a">NNU</subfield><subfield code="b">eng</subfield><subfield code="e">rda</subfield><subfield code="c">NNU</subfield></datafield><datafield ind1=" " ind2="4" tag="050"><subfield code="a">BP135.A3</subfield><subfield code="b">.I26 1908</subfield></datafield><datafield ind1="1" ind2=" " tag="100"><subfield code="6">880-01</subfield><subfield code="a">Ibn Qutaybah, &#699;Abd Alla&#772;h ibn Muslim,</subfield><subfield code="d">828-889?</subfield></datafield><datafield ind1="1" ind2="0" tag="240"><subfield code="6">880-02</subfield><subfield code="a">Ta&#700;wi&#772;l mukhtalaf al-h&#803;adi&#772;th </subfield></datafield><datafield ind1="1" ind2="0" tag="245"><subfield code="6">880-03</subfield><subfield code="a">Kita&#772;b ta&#700;wi&#772;l mukhtalaf al-h&#803;adi&#772;th /</subfield><subfield code="c">ta&#700;li&#772;f Ibn Qutaybah al-Daynu&#772;ri&#772; ; tanbi&#772;h ... Mah&#803;mu&#772;d Shukri&#772; al-Ada&#772;bu&#772;si&#772; wa ... Muh&#803;ammad Jama&#772;l al-Di&#772;n al-Qa&#772;simi&#772;.</subfield></datafield><datafield ind1="3" ind2=" " tag="246"><subfield code="6">880-04</subfield><subfield code="a">Ta&#700;wi&#772;l mukhtalaf al-h&#803;adi&#772;th</subfield></datafield><datafield ind1=" " ind2=" " tag="250"><subfield code="6">880-05</subfield><subfield code="a">al-T&#803;aba&#699;ah 1.</subfield></datafield><datafield ind1=" " ind2=" " tag="260"><subfield code="6">880-06</subfield><subfield code="a">[Cairo] :</subfield><subfield code="b">Mat&#803;ba&#699;ah kurdista&#772;n al-&#699;ilmi&#772;yah,</subfield><subfield code="c">1326 [1908]</subfield></datafield><datafield ind1=" " ind2=" " tag="300"><subfield code="a">online resource (28, 464 pages)</subfield></datafield><datafield ind1=" " ind2=" " tag="336"><subfield code="a">text</subfield><subfield code="2">rdacontent</subfield></datafield><datafield ind1=" " ind2=" " tag="337"><subfield code="a">computer</subfield><subfield code="2">rdamedia</subfield></datafield><datafield ind1=" " ind2=" " tag="338"><subfield code="a">online resource</subfield><subfield code="2">rdacarrier</subfield></datafield><datafield ind1=" " ind2=" " tag="500"><subfield code="a">Part of the Arabic Collections Online (ACO) project, contributed by Columbia University Libraries.</subfield></datafield><datafield ind1=" " ind2=" " tag="533"><subfield code="a">Electronic reproduction.</subfield><subfield code="b">New York, N.Y. :</subfield><subfield code="c">New York University,</subfield><subfield code="d">2015.</subfield><subfield code="5">NNU</subfield></datafield><datafield ind1=" " ind2="0" tag="650"><subfield code="a">Hadith</subfield><subfield code="x">Criticism, interpretation, etc.</subfield></datafield><datafield ind1=" " ind2="7" tag="650"><subfield code="a">Hadith.</subfield><subfield code="2">fast</subfield><subfield code="0">(OCoLC)fst00950112</subfield></datafield><datafield ind1=" " ind2="7" tag="655"><subfield code="a">Criticism, interpretation, etc.</subfield><subfield code="2">fast</subfield><subfield code="0">(OCoLC)fst01411635</subfield></datafield><datafield ind1="2" ind2=" " tag="710"><subfield code="a">Columbia University.</subfield><subfield code="b">Libraries.</subfield></datafield><datafield ind1="0" ind2=" " tag="730"><subfield code="a">Arabic Collections Online.</subfield></datafield><datafield ind1="0" ind2="8" tag="776"><subfield code="i">Online version:</subfield><subfield code="a">Ibn Qutaybah, &#699;Abd Alla&#772;h ibn Muslim, 828-889?</subfield><subfield code="s">Ta&#700;wi&#772;l mukhtalaf al-h&#803;adi&#772;th.</subfield><subfield code="t">Kita&#772;b ta&#700;wi&#772;l mukhtalaf al-h&#803;adi&#772;th.</subfield><subfield code="b">al-Taba&#699;ah 1.</subfield><subfield code="d">[Cairo] : Matba&#699;ah kurdista&#772;n al-&#699;ilmi&#772;yah, 1326 [1908]</subfield><subfield code="w">(OCoLC)903404690</subfield></datafield><datafield ind1="0" ind2="8" tag="776"><subfield code="i">Print version:</subfield><subfield code="a">Ibn Qutaybah, &#699;Abd Alla&#772;h ibn Muslim, 828-889?</subfield><subfield code="t">Kita&#772;b ta&#700;wi&#772;l mukhtalaf al-h&#803;adi&#772;th</subfield><subfield code="w">(NNC)3082679</subfield><subfield code="w">(OCoLC)18923758</subfield></datafield><datafield ind1="4" ind2="0" tag="856"><subfield code="u">http://hdl.handle.net/2333.1/9p8czc82</subfield></datafield><datafield ind1="1" ind2=" " tag="880"><subfield code="6">100-01/r</subfield><subfield code="a">&#1575;&#1576;&#1606; &#1602;&#1578;&#1610;&#1576;&#1577;&#1548; &#1593;&#1576;&#1583; &#1575;&#1604;&#1604;&#1607; &#1576;&#1606; &#1605;&#1587;&#1604;&#1605;&#1548;</subfield><subfield code="d">828-889&#1567;</subfield></datafield><datafield ind1="1" ind2="0" tag="880"><subfield code="6">240-02/r</subfield><subfield code="a">&#1578;&#1571;&#1608;&#1610;&#1604; &#1605;&#1582;&#1578;&#1604;&#1601; &#1575;&#1604;&#1581;&#1583;&#1610;&#1579; </subfield></datafield><datafield ind1="1" ind2="0" tag="880"><subfield code="6">245-03/r</subfield><subfield code="a">&#1603;&#1578;&#1575;&#1576; &#1578;&#1571;&#1608;&#1610;&#1604; &#1605;&#1582;&#1578;&#1604;&#1601; &#1575;&#1604;&#1581;&#1583;&#1610;&#1579; /</subfield><subfield code="c">&#1578;&#1571;&#1604;&#1610;&#1601; &#1575;&#1576;&#1606; &#1602;&#1578;&#1610;&#1576;&#1577; &#1575;&#1604;&#1583;&#1610;&#1606;&#1608;&#1585;&#1610; &#1563; &#1578;&#1606;&#1576;&#1610;&#1607; ... &#1605;&#1581;&#1605;&#1608;&#1583; &#1588;&#1603;&#1585;&#1610; &#1575;&#1604;&#1575;&#1583;&#1575;&#1576;&#1608;&#1587;&#1610; &#1608; ... &#1605;&#1581;&#1605;&#1583; &#1580;&#1605;&#1575;&#1604; &#1575;&#1604;&#1583;&#1610;&#1606; &#1575;&#1604;&#1602;&#1575;&#1587;&#1605;&#1610;.</subfield></datafield><datafield ind1="3" ind2=" " tag="880"><subfield code="6">246-04/r</subfield><subfield code="a">&#1578;&#1571;&#1608;&#1610;&#1604; &#1605;&#1582;&#1578;&#1604;&#1601; &#1575;&#1604;&#1581;&#1583;&#1610;&#1579;</subfield></datafield><datafield ind1=" " ind2=" " tag="880"><subfield code="6">250-05/r</subfield><subfield code="a">&#1575;&#1604;&#1591;&#1576;&#1593;&#1577; 1.</subfield></datafield><datafield ind1=" " ind2=" " tag="880"><subfield code="6">260-06/r</subfield><subfield code="a">[&#1575;&#1604;&#1602;&#1575;&#1607;&#1585;&#1577;] :</subfield><subfield code="b">&#1605;&#1591;&#1576;&#1593;&#1577; &#1603;&#1585;&#1583;&#1587;&#1578;&#1575;&#1606; &#1575;&#1604;&#1593;&#1604;&#1605;&#1610;&#1577;&#1548;</subfield><subfield code="c">1326 [1908]</subfield></datafield><datafield ind1=" " ind2=" " tag="959"><subfield code="a">NNU</subfield><subfield code="b">WEB</subfield><subfield code="c">GENI</subfield><subfield code="t">0</subfield><subfield code="m">Electronic access</subfield><subfield code="s">01</subfield></datafield><datafield ind1=" " ind2=" " tag="999"><subfield code="i">NNC_3082679</subfield><subfield code="o">(OCoLC)ocm18923758</subfield><subfield code="s">columbia_aco000424</subfield><subfield code="e">(ERROR-880)</subfield><subfield code="s">columbia_aco000424</subfield></datafield></record>